<?xml version="1.0" encoding="UTF-8"?><collection xmlns="http://www.loc.gov/MARC21/slim"><record><leader>00550nam--2200157-i-4500</leader><controlfield tag="001">000046728</controlfield><controlfield tag="002">20161230</controlfield><controlfield tag="005">20170110225732</controlfield><controlfield tag="008">060222s1000------------r-----000-0-eng-d</controlfield><datafield ind1=" " ind2=" " tag="080"><subfield code="a">539.12.04</subfield></datafield><datafield ind1=" " ind2=" " tag="100"><subfield code="a">Wagemann, H. G</subfield></datafield><datafield ind1=" " ind2=" " tag="245"><subfield code="a">Untersuchung der anderung der elektrischen kennogrossen von keramik-siebdruck-bausteinen unter der wirkung von 1,5 mev -elektronen und -strahlung einer 4000 ci-co-60-quelle</subfield></datafield><datafield ind1=" " ind2=" " tag="260"><subfield code="a">Berlin</subfield><subfield code="b">Hahn-Meitner-Inst.Fur Kernforschung</subfield><subfield code="c">1968</subfield></datafield><datafield ind1=" " ind2=" " tag="300"><subfield code="a">11 p.+16 Fig</subfield></datafield><datafield ind1=" " ind2=" " tag="852"><subfield code="a">14430</subfield></datafield><datafield ind1=" " ind2=" " tag="CAT"><subfield code="a">SYS</subfield><subfield code="c">20170110</subfield><subfield code="h">225732</subfield></datafield></record></collection>